@article{almagor2004finding,
  title={Finding effective compilation sequences},
  author={Almagor, Lelac and Cooper, Keith D and Grosul, Alexander and Harvey, Timothy J and Reeves, Steven W and Subramanian, Devika and Torczon, Linda and Waterman, Todd},
  journal={ACM SIGPLAN Notices},
  volume={39},
  number={7},
  pages={231--239},
  year={2004},
  publisher={ACM}
}
@inproceedings{sayyad2013pareto,
	title={Pareto-optimal search-based software engineering (POSBSE): A literature survey},
	author={Sayyad, Abdel Salam and Ammar, Hany},
	booktitle={Realizing Artificial Intelligence Synergies in Software Engineering (RAISE), 2013 2nd International Workshop on},
	pages={21--27},
	year={2013},
	organization={IEEE}
}
@Misc{mboussaa,
	howpublished = {\url{https://noticegcc.wordpress.com/}},
	title = {NOTICE Settings}
}
@inproceedings{lokuciejewski2010multi,
	title={Multi-objective exploration of compiler optimizations for real-time systems},
	author={Lokuciejewski, Paul and Plazar, Sascha and Falk, Heiko and Marwedel, Peter and Thiele, Lothar},
	booktitle={Object/Component/Service-Oriented Real-Time Distributed Computing (ISORC), 2010 13th IEEE International Symposium on},
	pages={115--122},
	year={2010},
	organization={IEEE}
}
@article{martinez2014multi,
	title={Multi-objective adaptive evolutionary strategy for tuning compilations},
	author={Mart{\'\i}nez-{\'A}lvarez, Antonio and Calvo-Zaragoza, Jorge and Cuenca-Asensi, Sergio and Ortiz, Andr{\'e}s and Jimeno-Morenilla, Antonio},
	journal={Neurocomputing},
	volume={123},
	pages={381--389},
	year={2014},
	publisher={Elsevier}
}

@article{cooper2002adaptive,
	title={Adaptive optimizing compilers for the 21st century},
	author={Cooper, Keith D and Subramanian, Devika and Torczon, Linda},
	journal={The Journal of Supercomputing},
	volume={23},
	number={1},
	pages={7--22},
	year={2002},
	publisher={Springer}
}
@inproceedings{chen2016empirical,
	title={An empirical comparison of compiler testing techniques},
	author={Chen, Junjie and Hu, Wenxiang and Hao, Dan and Xiong, Yingfei and Zhang, Hongyu and Zhang, Lu and Xie, Bing},
	booktitle={Proceedings of the 38th International Conference on Software Engineering},
	year={2016}
}
@inproceedings{nethercote2007valgrind,
	title={Valgrind: a framework for heavyweight dynamic binary instrumentation},
	author={Nethercote, Nicholas and Seward, Julian},
	booktitle={ACM Sigplan notices},
	volume={42},
	number={6},
	pages={89--100},
	year={2007},
	organization={ACM}
}
@article{deb2002fast,
	title={A fast and elitist multiobjective genetic algorithm: NSGA-II},
	author={Deb, Kalyanmoy and Pratap, Amrit and Agarwal, Sameer and Meyarivan, TAMT},
	journal={Evolutionary Computation, IEEE Transactions on},
	volume={6},
	number={2},
	pages={182--197},
	year={2002},
	publisher={IEEE}
}
@book{deb2001multi,
	title={Multi-objective optimization using evolutionary algorithms},
	author={Deb, Kalyanmoy},
	volume={16},
	year={2001},
	publisher={John Wiley \& Sons}
}
@book{molyneaux2009art,
	title={The Art of Application Performance Testing: Help for Programmers and Quality Assurance},
	author={Molyneaux, Ian},
	year={2009},
	publisher={" O'Reilly Media, Inc."}
}
@inproceedings{le2014compiler,
	title={Compiler validation via equivalence modulo inputs},
	author={Le, Vu and Afshari, Mehrdad and Su, Zhendong},
	booktitle={ACM SIGPLAN Notices},
	volume={49},
	number={6},
	pages={216--226},
	year={2014},
	organization={ACM}
}

@inproceedings{nagai2013scaling,
	title={Scaling up size and number of expressions in random testing of arithmetic optimization of C compilers},
	author={Nagai, Eriko and Hashimoto, Atsushi and Ishiura, Nagisa},
	booktitle={Workshop on Synthesis And System Integration of Mixed Information Technologies (SASIMI 2013)},
	pages={88--93},
	year={2013}
}

@inproceedings{fursin2009collective,
	title={Collective tuning initiative: automating and accelerating development and optimization of computing systems},
	author={Fursin, Grigori},
	booktitle={GCC Developers' Summit},
	year={2009}
}

@inproceedings{yang2011finding,
	title={Finding and understanding bugs in C compilers},
	author={Yang, Xuejun and Chen, Yang and Eide, Eric and Regehr, John},
	booktitle={ACM SIGPLAN Notices},
	volume={46},
	number={6},
	pages={283--294},
	year={2011},
	organization={ACM}
}

@inproceedings{hoste2008cole,
	title={Cole: compiler optimization level exploration},
	author={Hoste, Kenneth and Eeckhout, Lieven},
	booktitle={Proceedings of the 6th annual IEEE/ACM international symposium on Code generation and optimization},
	pages={165--174},
	year={2008},
	organization={ACM}
}
 

@article{ballal2015compiler,
	title={Compiler Optimization: A Genetic Algorithm Approach},
	author={Ballal, Prathibha A and Sarojadevi, H and Harsha, PS},
	journal={International Journal of Computer Applications},
	volume={112},
	number={10},
	year={2015},
	publisher={Foundation of Computer Science}
}

@article{stuermer2007systematic,
	title={Systematic testing of model-based code generators},
	author={Stuermer, Ingo and Conrad, Mirko and Doerr, Heiko and Pepper, Peter},
	journal={Software Engineering, IEEE Transactions on},
	volume={33},
	number={9},
	pages={622--634},
	year={2007},
	publisher={IEEE}
}
@inproceedings{boussaa2015novelty,
	title={A Novelty Search Approach for Automatic Test Data Generation},
	author={Boussaa, Mohamed and Barais, Olivier and Suny{\'e}, Gerson and Baudry, Benoit},
	booktitle={8th International Workshop on Search-Based Software Testing SBST@ ICSE 2015},
	pages={4},
	year={2015}
}
@inproceedings{lehman2008exploiting,
	title={Exploiting Open-Endedness to Solve Problems Through the Search for Novelty.},
	author={Lehman, Joel and Stanley, Kenneth O},
	booktitle={ALIFE},
	pages={329--336},
	year={2008}
}
@article{risi2010evolving,
	title={Evolving plastic neural networks with novelty search},
	author={Risi, Sebastian and Hughes, Charles E and Stanley, Kenneth O},
	journal={Adaptive Behavior},
	volume={18},
	number={6},
	pages={470--491},
	year={2010},
	publisher={SAGE Publications}
}
@incollection{krvcah2012solving,
	title={Solving deceptive tasks in robot body-brain co-evolution by searching for behavioral novelty},
	author={Kr{\v{c}}ah, Peter},
	booktitle={Advances in Robotics and Virtual Reality},
	pages={167--186},
	year={2012},
	publisher={Springer}
}
@article{brambilla2012model,
	title={Model-driven software engineering in practice},
	author={Brambilla, Marco and Cabot, Jordi and Wimmer, Manuel},
	journal={Synthesis Lectures on Software Engineering},
	volume={1},
	number={1},
	pages={1--182},
	year={2012},
	publisher={Morgan \& Claypool Publishers}
}
@inproceedings{pan2006fast,
	title={Fast and effective orchestration of compiler optimizations for automatic performance tuning},
	author={Pan, Zhelong and Eigenmann, Rudolf},
	booktitle={Code Generation and Optimization, 2006. CGO 2006. International Symposium on},
	pages={12--pp},
	year={2006},
	organization={IEEE}
}

 
@article{inden2013examination,
	title={An examination of different fitness and novelty based selection methods for the evolution of neural networks},
	author={Inden, Benjamin and Jin, Yaochu and Haschke, Robert and Ritter, Helge and Sendhoff, Bernhard},
	journal={Soft Computing},
	volume={17},
	number={5},
	pages={753--767},
	year={2013},
	publisher={Springer}
}
@article{pallister2015identifying,
	title={Identifying compiler options to minimize energy consumption for embedded platforms},
	author={Pallister, James and Hollis, Simon J and Bennett, Jeremy},
	journal={The Computer Journal},
	volume={58},
	number={1},
	pages={95--109},
	year={2015},
	publisher={Br Computer Soc}
}

@article{chen2012deconstructing,
	title={Deconstructing iterative optimization},
	author={Chen, Yang and Fang, Shuangde and Huang, Yuanjie and Eeckhout, Lieven and Fursin, Grigori and Temam, Olivier and Wu, Chengyong},
	journal={ACM Transactions on Architecture and Code Optimization (TACO)},
	volume={9},
	number={3},
	pages={21},
	year={2012},
	publisher={ACM}
}

@inproceedings{nagiub2013automatic,
	title={Automatic selection of compiler options using genetic techniques for embedded software design},
	author={Nagiub, Mena and Farag, Wael},
	booktitle={Computational Intelligence and Informatics (CINTI), 2013 IEEE 14th International Symposium on},
	pages={69--74},
	year={2013},
	organization={IEEE}
}



@inproceedings{martins2014exploration,
	title={Exploration of compiler optimization sequences using clustering-based selection},
	author={Martins, Luiz GA and Nobre, Ricardo and Delbem, Alexandre CB and Marques, Eduardo and Cardoso, Jo{\~a}o MP},
	booktitle={Proceedings of the 2014 SIGPLAN/SIGBED conference on Languages, compilers and tools for embedded systems},
	pages={63--72},
	year={2014},
	organization={ACM}
}
@incollection{banzhaf1996effect,
	title={The effect of extensive use of the mutation operator on generalization in genetic programming using sparse data sets},
	author={Banzhaf, Wolfgang and Francone, Frank D and Nordin, Peter},
	booktitle={Parallel Problem Solving from Nature—PPSN IV},
	pages={300--309},
	year={1996},
	publisher={Springer}
}

@inproceedings{chen2010evaluating,
	title={Evaluating iterative optimization across 1000 datasets},
	author={Chen, Yang and Huang, Yuanjie and Eeckhout, Lieven and Fursin, Grigori and Peng, Liang and Temam, Olivier and Wu, Chengyong},
	booktitle={ACM Sigplan Notices},
	volume={45},
	number={6},
	pages={448--459},
	year={2010},
	organization={ACM}
}



@incollection{kandemir2002compiler,
	title={Compiler optimizations for low power systems},
	author={Kandemir, Mahmut and Vijaykrishnan, N and Irwin, Mary Jane},
	booktitle={Power aware computing},
	pages={191--210},
	year={2002},
	publisher={Springer}
}

@incollection{valluri2001compiling,
	title={Is Compiling for Performance—Compiling for Power?},
	author={Valluri, Madhavi and John, Lizy K},
	booktitle={Interaction between Compilers and Computer Architectures},
	pages={101--115},
	year={2001},
	publisher={Springer}
}

@inproceedings{demertzi2011analyzing,
	title={Analyzing the effects of compiler optimizations on application reliability},
	author={Demertzi, Melina and Annavaram, Murali and Hall, Mary},
	booktitle={Workload Characterization (IISWC), 2011 IEEE International Symposium on},
	pages={184--193},
	year={2011},
	organization={IEEE}
}

@inproceedings{lin2008automatic,
	title={Automatic selection of GCC optimization options using a gene weighted genetic algorithm},
	author={Lin, San-Chih and Chang, Chi-Kuang and Lin, San-Chih},
	booktitle={Computer Systems Architecture Conference, 2008. ACSAC 2008. 13th Asia-Pacific},
	pages={1--8},
	year={2008},
	organization={IEEE}
}

@article{escobar2015evaluation,
	title={Evaluation of GCC Optimization Parameters},
	author={Escobar, Rodrigo D and Angula, Alekya R and Corsi, Mark},
	journal={Revista Ingenierias USBmed},
	volume={3},
	number={2},
	pages={31--39},
	year={2015}
}

@inproceedings{ibrahim2009compiler,
	title={Compiler-based optimizations impact on embedded software power consumption},
	author={Ibrahim, Mostafa EA and Rupp, Markus and Habib, SE-D},
	booktitle={Circuits and Systems and TAISA Conference, 2009. NEWCAS-TAISA'09. Joint IEEE North-East Workshop on},
	pages={1--4},
	year={2009},
	organization={IEEE}
}



@inproceedings{li2015rest,
	title={A REST Service Framework for Fine-Grained Resource Management in Container-Based Cloud},
	author={Li, Li and Tang, Tony and Chou, Wu},
	booktitle={Cloud Computing (CLOUD), 2015 IEEE 8th International Conference on},
	pages={645--652},
	year={2015},
	organization={IEEE}
}



@inproceedings{hoste2010automated,
	title={Automated just-in-time compiler tuning},
	author={Hoste, Kenneth and Georges, Andy and Eeckhout, Lieven},
	booktitle={Proceedings of the 8th annual IEEE/ACM international symposium on Code generation and optimization},
	pages={62--72},
	year={2010},
	organization={ACM}
}